@STRING(PRL="Phys. Rev. Lett.")
@STRING(PRA="Phys. Rev. A")
@STRING(JCP="J. Comp. Phys.")

@MISC{ewma,
	AUTHOR="M. T. Tham",
	NOTE="{http://lorien/ncl.ac.uk/ming/filter/filewma.htm}",
	YEAR=1998
}

@ARTICLE{konotop, 
	author = {{Konotop}, V.~V. and {Kevrekidis}, P.~G.},
	title = "{Bohr-Sommerfeld Quantization Condition for the Gross-Pitaevskii Equation}",
	journal = PRL,
	year = 2003,
	month = dec,
	volume = 91,
	pages = 230402,
	}

@ARTICLE{kostrun,
	AUTHOR="M. Ko{ùs}trun and J. Javainen",
	TITLE="An Alternative Numerical Method for Initial Value Problems Involving the Contact Nonlinear Hamiltonians",
	JOURNAL=JCP,
	VOLUME=172,
	PAGES=298,
	YEAR=2001
}

@ARTICLE{choi,
	AUTHOR="Y.-S. Choi and J. Javainen and I. Koltracht and M. Ko{ùs}trun and P. J. McKenna and N. Savytska",  
	TITLE="A fast algorithm for the solution of the time-independent Gross-Pitaevskii equation",
	JOURNAL=JCP,
	VOLUME=190,
	PAGES=1,
	YEAR=2003
}

@ARTICLE{javainen,
	AUTHOR="J. Javainen",
	TITLE="Noncondensate Atoms in a Trapped Bose Gas",
	JOURNAL=PRA,
	VOLUME=54,
	PAGES=R3722,
	YEAR=1996
}

@ARTICLE{mermin,
	AUTHOR="N. D. Mermin and H. Wagner",
	TITLE="Absence of Ferromagnetism or Antiferromagnetism in One- or Two-Dimensional Isotropic Heisenberg Models",
	JOURNAL="Physical Review",
	VOLUME=158,
	PAGES=383,
	YEAR=1967
}


@ARTICLE{hohenberg,
	AUTHOR="P. C. Hohenberg",
	TITLE="Existence of Long-Range Order in One and Two Dimensions",
	JOURNAL=PRL,
	VOLUME=17,
	PAGES=1133,
	YEAR=1966
}


@ARTICLE{zhang,
	AUTHOR="C. Zhang and J. Liu and M. Raizen and Q. Niu",
	TITLE="Transition to Instability in a Kicked Bose-Einstein Condensate",
	JOURNAL=arXiv:cond-mat/0306660,
	YEAR=2003
}

@ARTICLE{anderson,
	AUTHOR="M. H. Anderson and J. R. Ensher and M. R. Matthews and C. E.
	Wieman and E. A. Cornell",
	TITLE="Observation of Bose-Einstein Condensation in a Dilute Atomic Vapor",
	JOURNAL="Science",
	VOLUME=269,
	PAGES=198,
	YEAR=1995
}


@ARTICLE{moritz,
	AUTHOR="H. Moritz and T. St{\"o}fele and M. K{\"o}hl and T. Esslinger ",
	TITLE="Exciting Collective Oscillations in a Trapped 1D Gas",
	JOURNAL=PRL,
	VOLUME=91,
	PAGES=250402,
	YEAR=2003
}

@ARTICLE{esslinger,
	AUTHOR="M. Greiner and O. Mandel and T. Esslinger and T. W. H{\"a}nsch and I. Bloch",
	TITLE="Quantum phase transition from a superfluid to a Mott insulator in a gas of ultracold atoms",
	JOURNAL="Nature",
	VOLUME=415,
	PAGES=39,
	YEAR=2002
}

@ARTICLE{gardinerjaksch,
	AUTHOR="S. A. Gardiner and  D. Jaksch and R. Dum and J. I. Cirac and P. Zoller",
	TITLE="Nonlinear matter wave dynamics with a chaotic potential",
	JOURNAL=PRA,
	VOLUME=62,
	PAGES=023612,
	YEAR=2000
}

@ARTICLE{jaksch,
	AUTHOR="D. Jaksch and C. Bruder and J. I. Cirac and C. W. Gardiner and P. Zoller",
	TITLE="Cold Bosonic Atoms in Optical Lattices",
	JOURNAL=PRL,
	VOLUME=81,
	PAGES=3108,
	YEAR=1998
}


@ARTICLE{menotti,
	AUTHOR="C. Menotti and A. Smerzi and A. Trombettoni",
	TITLE="Superfluid dynamics of a Bose-Einstein condensate in a periodic potential",
	JOURNAL="New. J. Phys.",
	VOLUME=5,
	PAGES="112.1",
	YEAR=2003
}

@ARTICLE{bandraukshen1,
	AUTHOR="A. D. Bandrauk and Hai Shen",
	TITLE="High-order split-step exponential methods for solving coupled nonlinear Schr{\"o}dinger equations",
	JOURNAL="J. Phys. A",
	VOLUME=27,
	PAGES=7147,
	YEAR=1994
}

@ARTICLE{bandraukshen2,
	AUTHOR="Andr\'e. D. Bandrauk and Hai Shen",
	TITLE="Improved exponential split operator method for solving the
	time-dependent Schr{\"o}dinger equation",
	JOURNAL="Chem.Phys. Lett",
	VOLUME=176,
	PAGES=428,
	YEAR=1991
}

@ARTICLE{bandraukshen3,
	AUTHOR="Andr\'e. D. Bandrauk and Hai Shen",
	TITLE="Exponential split operator methods for solving coupled time-dependent Schr{\"o}dinger equations",
	JOURNAL="J. Chem. Phys.",
	VOLUME=99,
	PAGES=1185,
	YEAR=1993

}
@ARTICLE{suzuki1,
	AUTHOR="M. Suzuki",
	TITLE="General theory of higher-order decomposition of exponential operators and symplectic integrators",
	JOURNAL="Phys. Lett. A",
	VOLUME=165,
	PAGES=387,
	YEAR=1992
}

@ARTICLE{derevianko,
	AUTHOR="A. Derevianko and W. R. Johnson and M. S. Safronova and J. F. Babb",
	TITLE="High-Precision Calculations of Dispersion Coefficients, Static Dipole Polarizabilities, and Atom-Wall Interaction Constants for Alkali-Metal Atoms",
	JOURNAL=PRL,
	VOLUME=82,
	PAGES=3589,
	YEAR=1999
}

@ARTICLE{dalfovo,
	AUTHOR="F.  Dalfovo and S. Giorgini and L. P. Pitaevski and S. Stringari",
	TITLE="Theory of Bose-Einstein condensation in trapped gases",
	JOURNAL="Rev. Mod. Phys.",
	VOLUME=71,
	PAGES=463,
	YEAR=1999
}

@BOOK{reichl,
	AUTHOR="L. E. Reichl",
	TITLE="The Transition to Chaos In Conservative Classical Systems: Quantum Maifestations",
	PUBLISHER="Springer-Verlag",
	ADDRESS="New York",
	YEAR=1992
}

@BOOK{parker,
	AUTHOR="T. S. Parker and L. O. Chua",
	TITLE="Practical Numerical Algorithms for Chaotic Systems",
	PUBLISHER="Springer-Verlag",
	ADDRESS="New York",
	YEAR=1989
}

@BOOK{pethick,
	AUTHOR="C. J. Pethik and H. Smith",
	TITLE="Bose-Einstein Condensation in Dilute Gases",                                      
	PUBLISHER="Cambridge University Press",
	ADDRESS="Cambridge",
	YEAR=2002
}


@BOOK{huang, 
	AUTHOR="K. Huang",    
	TITLE="Statistical Mechanics", 
	PUBLISHER="John Wyley",
	ADDRESS="New York",
	YEAR=1987
}

@BOOK{schwabl, 
	AUTHOR="F. Schwabl",    
	TITLE="Quantenmechanik", 
	PUBLISHER="Springer-Verlag",
	ADDRESS="Berlin",
	YEAR=1998
}

@BOOK{ciarlet,
	AUTHOR="G. I. Marchuk",
	TITLE="Handbook of Numerical Analysis",
	EDITOR="P. G. Ciarlet",
	VOLUME=1,
	PUBLISHER="Elsevier Science Publishers",
	ADDRESS="Netherlands",
	YEAR=1990
	}
	
@BOOK{pitaevskii,
	AUTHOR="L. Pitaevskii and S. Stringari",
	TITLE="Bose-Einstein Condensation",
	PUBLISHER="Clarendon Press",
	ADDRESS="Oxford",
	YEAR=2003
	}

@BOOK{arnold,
	AUTHOR="V. I. Arnol'd",
	TITLE="Mathematical Methods of Classical Mechanics",
	PUBLISHER="Springer Verlag",
	ADDRESS="New York",
	YEAR=1989
	}
